@article{algorithms,
  author = {Al-Ghuribi, Sumaia and Thabit, Khalid},
  year = {2012},
  month = {02},
  pages = {74-79},
  title = {Matrix Multiplication Algorithms},
  volume = {12},
  journal = {International Journal of Computer Network and Information Security}
}

@INPROCEEDINGS{ds-algorithms,
  author={G, Noble and S, Nalesh and S, Kala},
  booktitle={2022 IEEE 19th India Council International Conference (INDICON)}, 
  title={Accelerators for Sparse Matrix-Matrix Multiplication: A Review}, 
  year={2022},
  volume={},
  number={},
  pages={1-6},
  doi={https://doi.org/10.1109/INDICON56171.2022.10039979}
}

@online{prof-slides,
  author      = {Laura del Río Martín, Professor},
  title       = {OpenMP Techniques for Shared Memory Architectures},
  year        = {2023},
  url         = {https://didatticaonline.unitn.it/dol/pluginfile.php/1776866/mod_folder/content/0/IntroPARCO-L10.pdf?forcedownload=1},
  note        = {Lecture 10 slides for professor's Vella course Introduction to parallel computing},
}

@online{openmp-docs,
  author = {OpenMP ARB},
  title = {OpenMP Application Program Interface},
  year = {2011},
  url = {https://www.openmp.org/wp-content/uploads/OpenMP3.1.pdf}
}

@online{openmp-cs,
  author = {OpenMP ARB},
  title = {OpenMP 3.1 API C/C++ Syntax Quick Reference Card},
  year = {2011},
  url = {https://www.openmp.org/wp-content/uploads/OpenMP3.1-CCard.pdf}
}

@incollection{scalability,
  title = {Scalability of Parallel Systems: Efficiency Versus Execution Time},
  editor = {J.J. Dongarra and G.R. Joubert and L. Grandinetti and J. Kowalik},
  series = {Advances in Parallel Computing},
  publisher = {North-Holland},
  volume = {10},
  pages = {39-47},
  year = {1995},
  booktitle = {High Performance Computing},
  issn = {0927-5452},
  doi = {https://doi.org/10.1016/S0927-5452(06)80005-5},
  author = {J.S. Kowalik},
}